<?xml version="1.0" encoding="UTF-8"?><collection xmlns="http://www.loc.gov/MARC21/slim"><record><leader>00525nam--2200169-i-4500</leader><controlfield tag="001">000024701</controlfield><controlfield tag="002">20161230</controlfield><controlfield tag="005">20161230201035</controlfield><controlfield tag="008">060222s1000------------r-----000-0-eng-d</controlfield><datafield ind1=" " ind2=" " tag="080"><subfield code="a">537.562:539.17</subfield></datafield><datafield ind1="1" ind2=" " tag="100"><subfield code="a">Leontovich, M.A</subfield></datafield><datafield ind1="1" ind2="0" tag="245"><subfield code="a">Plasma Physics and the Problem of Controlled Thermonuclear Reactions</subfield><subfield code="b">Translated from Russian</subfield><subfield code="c">M.A. Leontovich (Responsible Editor)</subfield></datafield><datafield ind1=" " ind2=" " tag="260"><subfield code="a">Oxford</subfield><subfield code="b">Pergamon Press</subfield><subfield code="c">1961</subfield></datafield><datafield ind1=" " ind2=" " tag="300"><subfield code="a">4 vol</subfield></datafield><datafield ind1=" " ind2=" " tag="787"><subfield code="a">Vol. IV</subfield><subfield code="h">510 p</subfield></datafield><datafield ind1=" " ind2=" " tag="852"><subfield code="a">14413</subfield><subfield code="c">533.9</subfield></datafield><datafield ind1=" " ind2=" " tag="CAT"><subfield code="a">Sys</subfield><subfield code="c">20100917</subfield><subfield code="h">124323</subfield></datafield></record></collection>